[1]
@inbook{Tutorial,
   title = "Learn Computer Fundamentals",
   url  = "https://www.tutorialspoint.com/computer_fundamentals/computer_memory.htm",
   keywords  = "Computer,Fundamentals"
}